@online{jaai2019,
  author = {Jaai},
  title  = {mensch oder maschine der turing test einfach erklaert},
  month  = {may},
  year   = {2019},
  url    = {https://jaai.de/mensch-oder-maschine-der-turing-test-einfach-erklaert-1385/}
}
@online{martinluescher2007,
  author = {Gregor Lüdi / Martin Lüscher},
  title  = {Der Turingtest},
  month  = {mar},
  year   = {2007},
  url    = {http://www.natur-struktur.ch/ai/turingtest.html}
}
@online{telekomag2019,
  author = {Telekom AG},
  title  = {Geschichte Kuenstlicher Intelligenz},
  month  = {jan},
  year   = {2019},
  url    = {https://www.welove.ai/de/blog/post/geschichte-kuenstlicher-intelligenz.html}
}
@book{erhardkonrad2000,
  author    = {Erhard Konrad},
  title     = {Zur Geschichte der Künstlichen Intelligenz in der Bundesrepublik Deutschland},
  publisher = {SZWTF},
  year      = {2000},
  volume    = {one},
  edition   = {first},
  month     = {apr}
}
@online{automatawikia20192b,
  author = {Nier:Automata Wikia},
  title  = {Yorha 2B},
  month  = {may},
  year   = {2019},
  url    = {https://nierautomata.wiki.fextralife.com/Yorha+2B}
}
@online{automatawikia20199S,
  author = {Nier:Automata Wikia},
  title  = {Yorha 9S},
  month  = {may},
  year   = {2019},
  url    = {https://nierautomata.wiki.fextralife.com/Yorha+9S}
}
@online{automatawikia20192a,
  author = {Nier:Automata Wikia},
  title  = {Yohra 2A},
  month  = {may},
  year   = {2019},
  url    = {https://nierautomata.wiki.fextralife.com/Yorha+2A}
}
@online{wortwuchs2008,
  author = {Wortwuchs},
  title  = {Dystopie},
  month  = {jun},
  year   = {2008},
  url    = {https://wortwuchs.net/dystopie/}
}
@online{verschiedene2019npc,
  author = {Verschiedene},
  title  = {NPC},
  month  = {may},
  year   = {2019},
  url    = {https://nierautomata.wiki.fextralife.com/NPCs}
}
@online{deepmind2018,
  title  = {Mastering Chess and Shogi by Self-Play with a General Reinforcement Learning Algorithm},
  author = {Deep Mind},
  url    = {https://arxiv.org/pdf/1712.01815.pdf},
  month  = {oct},
  year   = {2018}
}


@online{dysto,
  author = {Maja Dika},
  title  = {Unser Wundersames Begehren nach Dystopien},
  month  = {jul},
  year   = {2009},
  url    = {https://liechtenecker.at/unser-wundersames-begehren-nach-dystopien-und-utopien/}
}


@online{Turing_Leben,
  author = {Sophia Wermer},
  title  = {Das tragische Ende eines Computerspioniers},
  month  = {may},
  year   = {2010},
  url    = {https://www.welt.de/kultur/article106964473/Das-tragische-Ende-eines-genialen-Computerpioniers.html}
}


@online{Workshop,
  author = {Valve},
  title  = {Steam Workshop},
  month  = {jun},
  year   = {2019},
  url    = {https://steamcommunity.com/workshop/?l=german}
}

