@BOOK {fRede,
    author    = "Reckzügel, Matthias",
    title     = "Moderation, Präsentation und freie Rede",
    publisher = "Springer Verlag",
    month = "feb",
    year      = "2017",
    series    = "essential",
    edition   = "first"
}

@BOOK {Schlüssel,
    author    = "Daniel Händel, Andrea Kresimon, Jost Schneider",
    title     = "Schlüsselkompetenzen: Reden - Argumentieren - Überzeugen",
    publisher = "J. B. Metzler",
    year      = "2007",
    edition   = "first"
}

@ONLINE{Skript,
    author   = "Dr. Henryk Balkow",
    title    = "Ergänzendes Skript zum Seminar",
    year     = "2017",
    url = "https://moodle2.tu-ilmenau.de/pluginfile.php/212815/mod_resource/content/1/skript_Kommunikation_feuerkoepfe2019.pdf"
}

@ONLINE {SoSk,
    author = "Prof. Dr. Jan Lies",
    title  = "Soft Skills",
    month  = "feb",
    year   = "2018",
    url    = "https://wirtschaftslexikon.gabler.de/definition/soft-skills-53994/version-277053"
}